@article{IST:2019,
  author    = {Zhou Xu and
               Jin Liu and
               Xiapu Luo and
               Zijiang Yang and
               Yifeng Zhang and
               Peipei Yuan and
               Yutian Tang and
               Tao Zhang},
  title     = {Software defect prediction based on kernel {PCA} and weighted extreme
               learning machine},
  journal   = {Information {\&} Software Technology},
  volume    = {106},
  pages     = {182--200},
  year      = {2019},
  url       = {https://doi.org/10.1016/j.infsof.2018.10.004},
}

@article{JCST:2019,
  author    = {Zhou Xu and
               Shuai Pang and
               Tao Zhang and
               Xiapu Luo and
               Jin Liu and
               Yutian Tang and
               Xiao Yu and
               Lei Xue},
  title     = {Cross Project Defect Prediction via Balanced Distribution Adaptation
               Based Transfer Learning},
  journal   = {J. Comput. Sci. Technol.},
  volume    = {34},
  number    = {5},
  pages     = {1039--1062},
  year      = {2019},
  url       = {https://doi.org/10.1007/s11390-019-1959-z},
}

@article{JSS:2019,
  author    = {Zhou Xu and
               Shuai Li and
               Xiapu Luo and
               Jin Liu and
               Tao Zhang and
               Yutian Tang and
               Jun Xu and
               Peipei Yuan and
               Jacky Keung},
  title     = {{TSTSS:} {A} two-stage training subset selection framework for cross
               version defect prediction},
  journal   = {Journal of Systems and Software},
  volume    = {154},
  pages     = {59--78},
  year      = {2019},
}

@inproceedings{QRS:2019,
  author    = {Zhou Xu and
               Sizhe Ye and
               Tao Zhang and
               Zhen Xia and
               Shuai Pang and
               Yong Wang and
               Yutian Tang},
  title     = {{MVSE:} Effort-Aware Heterogeneous Defect Prediction via Multiple-View
               Spectral Embedding},
  booktitle = {19th {IEEE} International Conference on Software Quality, Reliability
               and Security, {QRS} 2019, Sofia, Bulgaria, July 22-26, 2019},
  pages     = {10--17},
  year      = {2019},
}

@inproceedings{SANER:2019,
  author    = {Xian Zhan and
               Tao Zhang and
               Yutian Tang},
  title     = {A Comparative Study of Android Repackaged Apps Detection Techniques},
  booktitle = {26th {IEEE} International Conference on Software Analysis, Evolution
               and Reengineering, {SANER} 2019, Hangzhou, China, February 24-27,
               2019},
  pages     = {321--331},
  year      = {2019},
}

@article{ACCESS:2018,
  author    = {Zhou Xu and
               Peipei Yuan and
               Tao Zhang and
               Yutian Tang and
               Shuai Li and
               Zhen Xia},
  title     = {{HDA:} Cross-Project Defect Prediction via Heterogeneous Domain Adaptation
               With Dictionary Learning},
  journal   = {{IEEE} Access},
  volume    = {6},
  pages     = {57597--57613},
  year      = {2018},
  url       = {https://doi.org/10.1109/ACCESS.2018.2873755},
  doi       = {10.1109/ACCESS.2018.2873755},
  timestamp = {Wed, 25 Sep 2019 01:00:00 +0200},
  biburl    = {https://dblp.org/rec/bib/journals/access/XuYZTLX18},
  bibsource = {dblp computer science bibliography, https://dblp.org}
}

@inproceedings{ISSRE:2018,
  author    = {Xuejiao Zhao and
               Hongwei Li and
               Yutian Tang and
               Dongjing Gao and
               Lingfeng Bao and
               Ching{-}Hung Lee},
  title     = {A Smart Context-Aware Program Assistant Based on Dynamic Programming
               Event Modeling},
  booktitle = {2018 {IEEE} International Symposium on Software Reliability Engineering
               Workshops, {ISSRE} Workshops, Memphis, TN, USA, October 15-18, 2018},
  pages     = {24--29},
  year      = {2018},
  crossref  = {DBLP:conf/issre/2018w},
  url       = {https://doi.org/10.1109/ISSREW.2018.00-36},
  doi       = {10.1109/ISSREW.2018.00-36},
  timestamp = {Wed, 16 Oct 2019 14:14:55 +0200},
  biburl    = {https://dblp.org/rec/bib/conf/issre/ZhaoLTGBL18},
  bibsource = {dblp computer science bibliography, https://dblp.org}
}

@inproceedings{ICPC:2018,
  author    = {Zhou Xu and
               Shuai Li and
               Yutian Tang and
               Xiapu Luo and
               Tao Zhang and
               Jin Liu and
               Jun Xu},
  title     = {Cross version defect prediction with representative data via sparse
               subset selection},
  booktitle = {Proceedings of the 26th Conference on Program Comprehension, {ICPC}
               2018, Gothenburg, Sweden, May 27-28, 2018},
  pages     = {132--143},
  year      = {2018},
  crossref  = {DBLP:conf/iwpc/2018},
  url       = {https://doi.org/10.1145/3196321.3196331},
  doi       = {10.1145/3196321.3196331},
  timestamp = {Mon, 16 Sep 2019 01:00:00 +0200},
  biburl    = {https://dblp.org/rec/bib/conf/iwpc/XuLTLZLX18},
  bibsource = {dblp computer science bibliography, https://dblp.org}
}

@inproceedings{ICPC:2017,
  author    = {Yutian Tang and
               Hareton Leung},
  title     = {Constructing feature model by identifying variability-aware modules},
  booktitle = {Proceedings of the 25th International Conference on Program Comprehension,
               {ICPC} 2017, Buenos Aires, Argentina, May 22-23, 2017},
  pages     = {263--274},
  year      = {2017},
  crossref  = {DBLP:conf/iwpc/2017},
  url       = {https://doi.org/10.1109/ICPC.2017.21},
  doi       = {10.1109/ICPC.2017.21},
  timestamp = {Wed, 16 Oct 2019 14:14:54 +0200},
  biburl    = {https://dblp.org/rec/bib/conf/iwpc/TangL17},
  bibsource = {dblp computer science bibliography, https://dblp.org}
}

@inproceedings{SANER:2017,
  author    = {Yutian Tang and
               Hareton Leung},
  title     = {StiCProb: {A} novel feature mining approach using conditional probability},
  booktitle = {{IEEE} 24th International Conference on Software Analysis, Evolution
               and Reengineering, {SANER} 2017, Klagenfurt, Austria, February 20-24,
               2017},
  pages     = {45--55},
  year      = {2017},
  crossref  = {DBLP:conf/wcre/2017},
  url       = {https://doi.org/10.1109/SANER.2017.7884608},
  doi       = {10.1109/SANER.2017.7884608},
  timestamp = {Wed, 16 Oct 2019 14:14:53 +0200},
  biburl    = {https://dblp.org/rec/bib/conf/wcre/TangL17},
  bibsource = {dblp computer science bibliography, https://dblp.org}
}

@inproceedings{ICEIS:2015,
  author    = {Yutian Tang and
               Hareton Leung},
  title     = {Top-down Feature Mining Framework for Software Product Line},
  booktitle = {{ICEIS} 2015 - Proceedings of the 17th International Conference on
               Enterprise Information Systems, Volume 2, Barcelona, Spain, 27-30
               April, 2015},
  pages     = {71--81},
  year      = {2015},
  crossref  = {DBLP:conf/iceis/2015-2},
  url       = {https://doi.org/10.5220/0005370300710081},
  doi       = {10.5220/0005370300710081},
  timestamp = {Thu, 15 Jun 2017 01:00:00 +0200},
  biburl    = {https://dblp.org/rec/bib/conf/iceis/TangL15},
  bibsource = {dblp computer science bibliography, https://dblp.org}
}
