@INPROCEEDINGS{Tang:2017A, 
  author={Yutian Tang and Hareton Leung}, 
  booktitle={2017 IEEE 24th International Conference on Software Analysis, Evolution and Reengineering (SANER)}, 
  title={StiCProb: A novel feature mining approach using conditional probability}, 
  year={2017}, 
  pages={45-55}, 
  keywords={Buildings;Context;Correlation;Data mining;Feature extraction;Maintenance engineering;Programming;Software product line;feature mining;program slicing;variability}, 
  doi={10.1109/SANER.2017.7884608}, 
  month={Feb},
}

@inproceedings{Tang:2017B,
 author = {Yutian Tang and Hareton Leung},
 title = {Constructing Feature Model by Identifying Variability-aware Modules},
 booktitle = {Proceedings of the 25th International Conference on Program Comprehension},
 series = {ICPC '17},
 year = {2017},
 isbn = {978-1-5386-0535-6},
 location = {Buenos Aires, Argentina},
 pages = {263--274},
 numpages = {12},
 url = {https://doi.org/10.1109/ICPC.2017.21},
 doi = {10.1109/ICPC.2017.21},
 acmid = {3101446},
 publisher = {IEEE Press},
 address = {Piscataway, NJ, USA},
 keywords = {configuration, feature model recovery, feature modules, product line, variability-aware modularity},
}

@conference{Tang:2015A,
  author={Yutian Tang and Hareton Leung},
  title={Top-down Feature Mining Framework for Software Product Line},
  booktitle={Proceedings of the 17th International Conference on Enterprise Information Systems},
  year={2015},
  pages={71-81},
  doi={10.5220/0005370300710081},
  isbn={978-989-758-097-0},
}

@conference{Tang:2015B,
  author={Yutian Tang and Hareton Leung},
  title={Feature Mining for Product Line Construction },
  booktitle={The First International Conference on Advances and Trends in Software Engineering},
  year={2015},
  pages={29-33},
  isbn={978-1-61208-449-7},
}
